@misc{amazonrds,
  title = {Amazon Relational Databases Services},
  howpublished = {\url{https://aws.amazon.com/pt/rds/}},
  note = {Acesso: 2022-12-08},
  author = { Amazon Web Services }
}

@misc{angular,
  title = {Angular},
  howpublished = {\url{https://angular.io/}},
  note = {Acesso: 2022-12-08},
  author = { Google }
}

@misc{appMadrePaulina,
  title = {Aplicativo Madre Paulina},
  howpublished = {\url{https://play.google.com/store/apps/details?id=paulina.madre.condominioapp}},
  note = {Acesso: 2022-12-04},
  author = { William Nepomuceno }
}

@misc{appMadrePaulinaWeb,
  title = {Plataforma WEB Madre Paulina},
  howpublished = {\url{https://madre-paulina.herokuapp.com/}},
  note = {Acesso: 2022-12-04},
  author = { William Nepomuceno }
}

@misc{codeCoverage,
  title = {Code Coverage Best Practices},
  howpublished = {\url{https://testing.googleblog.com/2020/08/code-coverage-best-practices.html}},
  note = {Acesso: 2022-11-22},
  author = { Google }
}

@book{cleanArchitecture,
  author = {Robert Martin},
  year = {2017},
  title = {Clean Architecture: A Craftsman's Guide to Software Structure and Design},
  publisher = {Pearson}
}

@misc{dart,
  title = {Dart},
  howpublished = {\url{https://dart.dev/}},
  note = {Acesso: 2022-12-08},
  author = { Google }
}

@book{engsoftware,
  author = {Marco Tulio Valente},
  year = {2020},
  title = {Engenharia de Software Moderna: Princípios e Práticas para Desenvolvimento de Software com Produtividade},
  publisher = {Independente},
  pages={395}
}

@misc{flutter,
  title = {Flutter},
  howpublished = {\url{https://flutter.dev/}},
  note = {Acesso: 2022-12-08},
  author = { Google }
}

@misc{laravel,
  title = {The PHP Framework for Web Artisans},
  howpublished = {\url{https://laravel.com/}},
  note = {Acesso: 2022-12-08},
  author = { Taylor Otwell }
}

@misc{mysql,
  title = {MySQL},
  howpublished = {\url{https://www.mysql.com/}},
  note = {Acesso: 2022-12-08},
  author = { Oracle Corporation }
}
